<record><leader>00000cas a2200000 a 4500</leader><controlfield tag="001">10884598</controlfield><controlfield tag="008">840626d19631966ksuwr ne      0   a0eng d</controlfield><datafield ind1=" " ind2=" " tag="010"><subfield code="a">sn 84029346 </subfield></datafield><datafield ind1=" " ind2=" " tag="040"><subfield code="a">KSH</subfield><subfield code="b">eng</subfield><subfield code="c">KSH</subfield><subfield code="d">NPT</subfield><subfield code="d">OCL</subfield><subfield code="d">OCLCQ</subfield></datafield><datafield ind1=" " ind2=" " tag="042"><subfield code="a">msc</subfield></datafield><datafield ind1="0" ind2="0" tag="245"><subfield code="a">Jennings journal and Selden advocate.</subfield></datafield><datafield ind1=" " ind2=" " tag="260"><subfield code="a">Jennings, Kan. :</subfield><subfield code="b">Fred and Geraldine Van Epps,</subfield><subfield code="c">1963-1966.</subfield></datafield><datafield ind1=" " ind2=" " tag="300"><subfield code="a">2 v. :</subfield><subfield code="b">ill. ;</subfield><subfield code="c">60 cm.</subfield></datafield><datafield ind1=" " ind2=" " tag="310"><subfield code="a">Weekly</subfield></datafield><datafield ind1="0" ind2=" " tag="362"><subfield code="a">Vol. 13, no. 2 (Sept. 5, 1963)-v. 15, no. 25 (Feb. 10, 1966).</subfield></datafield><datafield ind1=" " ind2=" " tag="500"><subfield code="a">Published by Edwin and Laura Bennett, Oct. 24, 1963-Feb. 10, 1966.</subfield></datafield><datafield ind1=" " ind2=" " tag="752"><subfield code="a">United States</subfield><subfield code="b">Kansas</subfield><subfield code="c">Decatur</subfield><subfield code="d">Jennings.</subfield></datafield><datafield ind1="0" ind2="4" tag="780"><subfield code="t">Jennings journal</subfield><subfield code="w">(DLC)sn 84029345</subfield></datafield><datafield ind1="0" ind2="4" tag="780"><subfield code="t">Selden advocate</subfield><subfield code="w">(DLC)sn 85029868</subfield></datafield><datafield ind1="0" ind2="0" tag="785"><subfield code="t">Journal-advocate</subfield><subfield code="w">(DLC)sn 84029348</subfield></datafield></record>